@book{womak:lean-thinking,
    author  = {James P. Womack, Daniel T. Jones},
    title   = {Lean Thinking, Second Editon},
    publisher = {Simon \& Schuster, Inc.},
    year    = {2010}
}

@online{site:agile-manifesto,
    title   = {Manifesto Agile},
    url     = {http://agilemanifesto.org/iso/it/}
}

@online{site:key-differences-llm,
    title   = {Key differences between main LLMs},
    url     = {https://ai-pro.org/learn-ai/articles/a-comprehensive-comparison-of-all-llms/}
}

@online{site:mediun-llm-parameters,
    title   = {LLM parameters},
    url     = {https://ivibudh.medium.com/a-guide-to-controlling-llm-model-output-exploring-top-k-top-p-and-temperature-parameters-ed6a31313910}
}

@online{site:introduction-llm,
    title   = {Introduction to LLM},
    url     = {https://www.hpe.com/it/it/what-is/large-language-model.html}
}

@online{site:aws-bedrock,
    title   = {AWS Bedrock},
    url     = {https://aws.amazon.com/it/bedrock/}
}